
@Manual{,
  title = {{DEoptim}: Differential Evolution in {R}},
  author = {David Ardia and Katharine M. Mullen and Brian G. Peterson and Joshua Ulrich},
  year = {2016},
  note = {version 2.2-4},
  url = {https://CRAN.R-project.org/package=DEoptim},
}

@article {Sahalia2002,
author = {Ait-Sahalia, Yacine},
title = {Maximum Likelihood Estimation of Discretely Sampled Diffusions: A Closed-form Approximation Approach},
journal = {Econometrica},
volume = {70},
number = {1},
pages = {223--262},
year = {2002},
}



@article{Sahalia2008,
  author = {Yacine Ait-Sahalia},
 journal = {The Annals of Statistics},
 number = {2},
 pages = {906-937},
 publisher = {Institute of Mathematical Statistics},
 title = {Closed-Form Likelihood Expansions for Multivariate Diffusions},
 volume = {36},
 year = {2008},
}

@article {Fisher309,
	author = {Fisher, R. A.},
	title = {On the Mathematical Foundations of Theoretical Statistics},
	volume = {222},
	number = {594-604},
	pages = {309--368},
	year = {1922},
	doi = {10.1098/rsta.1922.0009},
	publisher = {The Royal Society},
	issn = {0264-3952},
	journal = {Philosophical Transactions of the Royal Society of London A: Mathematical, Physical and Engineering Sciences}
}

@Article{Mariani2008,
author="Francesca Mariani and Graziell Pacelli and Francesco Zirilli",
title="Maximum likelihood estimation of the Heston stochastic volatility model using asset and option prices: an application of nonlinear filtering theory",
journal="Optimization Letters",
year="2008",
volume="2",
number="2",
pages="177--222",
}

@ARTICLE{KIENITZ2012,
   author= {J. Kienitz and D. Wetterau},
   title= {{F}inancial {M}odelling: {T}heory, {I}mplementation and {P}ractice with {MATLAB} {S}ource},
   publisher ={Wiley Finance},
   year = 2013,
}

@article{Sahalia2007,
title = "Maximum likelihood estimation of stochastic volatility models ",
journal = "Journal of Financial Economics ",
volume = "83",
number = "2",
pages = "413 - 452",
year = "2007",
author = "Yacine Ait-Sahalia and Robert Kimmel",
}

@Article{Ardia2011b,
  title = {{DEoptim}: An {R} Package for Global Optimization by Differential Evolution},
  author = {Katharine Mullen and David Ardia and David Gil and Donald Windover and James Cline},
  journal = {Journal of Statistical Software},
  year = {2011},
  volume = {40},
  number = {6},
  pages = {1--26},
  url = {http://www.jstatsoft.org/v40/i06/},
}

@Article{Ardia2011c,
  title = {{D}ifferential {E}volution with {DEoptim}: An Application to Non-Convex Portfolio Optimization},
  author = {David Ardia and Kris Boudt and Peter Carl and Katharine M. Mullen and Brian G. Peterson},
  journal = {The R Journal},
  year = {2011},
  volume = {3},
  number = {1},
  pages = {27--34},
  url = {https://journal.r-project.org/archive/2011-1/RJournal_2011-1_Ardia~et~al.pdf},
}



@Book{Price2006,
  title = {{D}ifferential {E}volution - A Practical Approach to Global Optimization},
  author = {Kenneth V. Price and Rainer M. Storn and Jouni A. Lampinen},
  publisher = {Springer-Verlag},
  series = {Natural Computing},
  month = {January},
  year = {2006},
  note = {ISBN 540209506},
}


@inproceedings{huber1967,
author = "Huber, Peter J.",
booktitle = "Proceedings of the Fifth Berkeley Symposium on Mathematical Statistics and Probability, Volume 1: Statistics",
pages = "221--233",
publisher = "University of California Press",
title = "The behavior of maximum likelihood estimates under nonstandard conditions",
year = "1967"
}

@ARTICLE{ARDIA2011,
   author = {D. Ardia and J. David and O. Arango and  N.D.G. Gomez},
   title = {{J}ump-{D}iffusion {C}alibration using {D}ifferential {E}volution},
   journal = {Wilmott Magazine},
   volume= 55,
   month =  Sep,
   pages = "76--79",
   year = 2011,
}

@ARTICLE{HESTON1993,
   author = {S. Heston},
   title = {A {C}losed-form {S}olution for {O}ptions with {S}tochastic {V}olatility},
   journal = {Review of Financial Studies},
   volume = "6",
   pages = "327--343",
   year = 1993,
}

@ARTICLE{MIKHAILOV2003,
   author = {S. Mikhailov and U. N\"ogel},
   title = {{H}eston's {S}tochastic {V}olatility {M}odel {I}mplementation,
Calibration and Some Extensions},
   journal = {Wilmott Magazine},
   volume = "4",
   month =  Jul,
   pages = "74--79",
   year = 2003,
}

@ARTICLE{FANG2008,
  author = {F. Fang and C. W. Oosterlee}, 
  title = {{A} {N}ovel {P}ricing {M}ethod for {E}uropean {O}ptions based on {F}ourier-{C}osine {S}eries {E}xpansions}, 
  journal= {SIAM Journal on Scientific Computing},
  volume=  "31",
  edition = 2,
  pages= {826--848},
  year= 2008, 
}